@INCOLLECTION{ChapterIICurvature,
  author   = "Lachaud, Jacques-Olivier and Coeurjolly, David and Levallois, J{\'e}r{\'e}my",
  title    = "Robust and Convergent Curvature and Normal Estimators with Digital Integral Invariants",
  booktitle= "Modern Approaches to Discrete Curvature",
  series   = "Lecture Notes in Mathematics",
  publisher= "Springer International Publishing",
  year     = "2016 ({\`a} para{\^i}tre)",
  keywords = "me"
}
@MISC {DGtal,
    title = "\textsc{{D}{G}tal}: Digital Geometry tools {{and}} algorithms library",
    note  = "\url{http://dgtal.org}"
}
@MISC {CGal,
    title = "\textsc{{C}{G}al}: Computational Geometry Algorithms Library",
    note  = "\url{http://cgal.org}"
}
@INPROCEEDINGS {AFIG2013,
    author    = "Levallois, J{\'e}r{\'e}my and Coeurjolly, David and Lachaud, Jacques-Olivier",
    title     = "Convergence asymptotique du tenseur de courbure en g{\'e}om{\'e}trie discr{\`e}te",
    booktitle = "AFIG 2013",
    year      = "2013",
    keywords  = "me"
}
@INPROCEEDINGS {PosterSIGGRAPH2015,
    author       = "Levallois, J{\'e}r{\'e}my and Coeurjolly, David and Lachaud, Jacques-Olivier",
    title        = "Feature extraction on digital snow microstructures",
    booktitle    = "ACM SIGGRAPH 2015 Posters",
    year         = "2015",
    pages        = "73",
    organization = "ACM",
    keywords     = "me"
}
@INCOLLECTION {DGCI2014,
    author    = "Levallois, J{\'e}r{\'e}my and Coeurjolly, David and Lachaud, Jacques-Olivier",
    title     = "Parameter-Free and Multigrid Convergent Digital Curvature Estimators",
    booktitle = "Discrete Geometry for Computer Imagery",
    publisher = "Springer International Publishing",
    year      = "2014",
    volume    = "8668",
    series    = "Lecture Notes in Computer Science",
    pages     = "162--175",
    isbn      = "978-3-319-09954-5",
    doi       = "10.1007/978-3-319-09955-2_14",
    url       = "http://dx.doi.org/10.1007/978-3-319-09955-2_14",
    keywords  = "Curvature estimation; multigrid convergence; integral invariants; digital straight segments; parameter-free estimators; me"
}
@ARTICLE {SMI2015,
    author    = "Levallois, J{\'e}r{\'e}my and Coeurjolly, David and Lachaud, Jacques-Olivier",
    title     = "Scale-space Feature Extraction on Digital Surfaces",
    journal   = "Computers and Graphics",
    year      = "2015",
    pages     = "12",
    publisher = "Elsevier",
    keywords  = "feature extraction ;  digital geometry ;  scale-space ;  curvature estimation ;  multigrid convergence ;  integral invariants; me"
}
@ARTICLE {CVIU2014,
    author   = "Coeurjolly, David and Lachaud, Jacques-Olivier and Levallois, J{\'e}r{\'e}my",
    title    = "Multigrid convergent principal curvature estimators in digital geometry",
    journal  = "Computer Vision and Image Understanding",
    year     = "2014",
    volume   = "129",
    number   = "0",
    pages    = "27--41",
    issn     = "1077-3142",
    doi      = "http://dx.doi.org/10.1016/j.cviu.2014.04.013",
    url      = "http://www.sciencedirect.com/science/article/pii/S1077314214001003",
    keywords = "Integral invariants; me "
}
@INCOLLECTION {DGCI2013,
    author    = "Coeurjolly, David and Lachaud, Jacques-Olivier and Levallois, J{\'e}r{\'e}my",
    title     = "Integral Based Curvature Estimators in Digital Geometry",
    booktitle = "Discrete Geometry for Computer Imagery",
    publisher = "Springer Berlin Heidelberg",
    year      = "2013",
    volume    = "7749",
    series    = "Lecture Notes in Computer Science",
    pages     = "215--227",
    isbn      = "978-3-642-37066-3",
    doi       = "10.1007/978-3-642-37067-0_19",
    url       = "http://dx.doi.org/10.1007/978-3-642-37067-0_19",
    keywords  = "Digital geometry; curvature estimation; multigrid convergence; integral invariants; me"
}
@ARTICLE {Coeurjolly2013Implementation,
    author   = "Coeurjolly, David and Lachaud, Jacques-Olivier and Levallois, J{\'e}r{\'e}my",
    title    = "Implementation of Integral based Digital Curvature Estimators in DGtal",
    journal  = "Imagen-A",
    year     = "2013",
    volume   = "3",
    number   = "5",
    pages    = "27--31",
    keywords = "me"
}
@ARTICLE {Gilbert1988,
    author    = "Gilbert, Elmer G. and Johnson, Daniel W. and Keerthi, S. Sathiya",
    title     = "A fast procedure for computing the distance between complex objects in three-dimensional space",
    journal   = "IEEE Journal of Robotics and Automation",
    year      = "1988",
    volume    = "4",
    number    = "2",
    pages     = "193--203",
    publisher = "IEEE"
}
@ARTICLE {Pottmann2007,
    author  = "Pottmann, Helmut and Wallner, Johannes and Yang, Yong-Liang and Lai, Yu-Kun and Hu, Shi-Min",
    title   = "Principal curvatures from the integral invariant viewpoint ",
    journal = "Computer Aided Geometric Design",
    year    = "2007",
    volume  = "24",
    number  = "8â€“9",
    pages   = "428--442",
    issn    = "0167-8396",
    doi     = "http://dx.doi.org/10.1016/j.cagd.2007.07.004"
}
@ARTICLE {Pottmann2009,
    author    = "Pottmann, Helmut and Wallner, Johannes and Huang, Qi-Xing and Yang, Yong-Liang",
    title     = "Integral invariants for robust geometry processing",
    journal   = "Computer Aided Geometric Design",
    year      = "2009",
    volume    = "26",
    number    = "1",
    pages     = "37--60",
    publisher = "Elsevier"
}
@INPROCEEDINGS {Yang2006,
    author    = "Yang, Yong-Liang and Lai, Yu-Kun and Hu, Shi-Min and Pottmann, Helmut",
    title     = "Robust principal curvatures on multiple scales",
    booktitle = "Symposium on Geometry Processing",
    year      = "2006",
    pages     = "223--226"
}
@MISC {Klette2000OpenProblems,
    author       = "Klette, Reinhard",
    title        = "Open Problems in Digital Geometry and Topology",
    howpublished = "\url{http://www.mi.auckland.ac.nz/dgt/OpenProblems.php}",
    year         = "2000",
    note         = "[En ligne; visit{\'e} le 14 septembre 2015]"
}
@MISC {pavage1,
    author       = "Costentin, Alexandre",
    title        = "Le fameux d{\'e}sert de sel",
    howpublished = "\url{https://pazteque.wordpress.com/2015/05/22/le-fameux-desert-de-sel/}",
    year         = "2015",
    note         = "[En ligne; visit{\'e} le 14 septembre 2015]"
}
@MISC {pavage2,
    author       = "de Comite, Francesco",
    title        = "Castle Tilings",
    howpublished = "\url{https://flic.kr/p/fD3vky}",
    year         = "2015",
    note         = "[En ligne; visit{\'e} le 14 septembre 2015; photographie sous licence Creative Commons CC BY 2.0]"
}
@MISC {pavage4,
    author       = "Webster, Tony",
    title        = "Giant's Causeway Basalt Formation",
    howpublished = "\url{https://flic.kr/p/jJRb6y}",
    year         = "2015",
    note         = "[En ligne; visit{\'e} le 14 septembre 2015; photographie sous licence Creative Commons CC BY 2.0]"
}
@MISC {WikipediaCurv,
    author       = "Gaba, Eric",
    title        = "Illustration des courbures principales",
    howpublished = "\url{https://commons.wikimedia.org/}",
    year         = "2015",
    note         = "[En ligne; visit{\'e} le 14 septembre 2015; illustration sous licence Creative Commons CC BY-SA 3.0]"
}
@ARTICLE {Francon1991,
    author    = "Fran{\c{c}}on, Jean",
    title     = "Topologie de Khalimski-Kovalevsky et algorithmique graphique: Informatique graphique",
    journal   = "TSI. Technique et science informatiques",
    year      = "1995",
    volume    = "14",
    number    = "10",
    pages     = "1195--1219",
    publisher = "Lavoisier"
}
@ARTICLE {Rosenfeld1979,
    author    = "Rosenfeld, Azriel",
    title     = "Digital topology",
    journal   = "American Mathematical Monthly",
    year      = "1979",
    pages     = "621--630",
    publisher = "JSTOR"
}
@ARTICLE {Latecki1995,
    author    = "Latecki, Longin and Eckhardt, Ulrich and Rosenfeld, Azriel",
    title     = "Well-composed sets",
    journal   = "Computer Vision and Image Understanding",
    year      = "1995",
    volume    = "61",
    number    = "1",
    pages     = "70--83",
    publisher = "Elsevier"
}
@INPROCEEDINGS {Herman1998,
    author       = "Herman, Gabor T.",
    title        = "Geometry of digital spaces",
    booktitle    = "SPIE International Symposium on Optical Science, Engineering, and Instrumentation",
    year         = "1998",
    pages        = "2--13",
    organization = "International Society for Optics and Photonics"
}
@ARTICLE {Udupa1994,
    author    = "Udupa, Jayaram K.",
    title     = "Multidimensional digital boundaries",
    journal   = "CVGIP: Graphical Models and Image Processing",
    year      = "1994",
    volume    = "56",
    number    = "4",
    pages     = "311--323",
    publisher = "Elsevier"
}
@ARTICLE {Kong1992,
    author    = "Kong, T. Yung and Udupa, Jayaram K.",
    title     = "A justification of a fast surface tracking algorithm",
    journal   = "CVGIP: Graphical Models and Image Processing",
    year      = "1992",
    volume    = "54",
    number    = "2",
    pages     = "162--170",
    publisher = "Elsevier"
}
@ARTICLE {Kovalevsky1992,
    author    = "Kovalevsky, Vladimir and Fuchs, Siegfried",
    title     = "Theoretical and experimental analysis of the accuracy of perimeter estimates",
    journal   = "Robust Computer Vision",
    year      = "1992",
    pages     = "218--242",
    publisher = "Wichmann, Karlsruhe"
}
@ARTICLE {Kovalesvsky1989,
    author    = "Kovalevsky, Vladimir",
    title     = "Finite topology as applied to image analysis",
    journal   = "Computer Vision, Graphics, and Image Processing",
    year      = "1989",
    volume    = "46",
    number    = "2",
    pages     = "141--161",
    publisher = "Elsevier"
}
@ARTICLE {Sloboda1998,
    author    = "Sloboda, Fridrich and Zatko, Bedrich and Stoer, J.",
    title     = "On approximation of planar one-dimensional continua",
    journal   = "Advances in Digital and Computational Geometry",
    year      = "1998",
    pages     = "113--160",
    publisher = "Springer, Singapore"
}
@ARTICLE {Lachaud2015,
    author    = "Lachaud, Jacques-Olivier and Thibert, Boris",
    title     = "Properties of Gauss digitized shapes and digital surface integration",
    journal   = "Journal of Mathematical Imaging and Vision",
    year      = "2015",
    pages     = "1--19",
    publisher = "Springer"
}
@ARTICLE {Roussillon2011b,
    author    = "Roussillon, Tristan and Sivignon, Isabelle",
    title     = "Faithful polygonal representation of the convex and concave parts of a digital curve",
    journal   = "Pattern Recognition",
    year      = "2011",
    volume    = "44",
    number    = "10",
    pages     = "2693--2700",
    publisher = "Elsevier"
}
@ARTICLE {Khalimsky1990,
    author    = "Khalimsky, Efim and Kopperman, Ralph and Meyer, Paul R.",
    title     = "Computer graphics and connected topologies on finite ordered sets",
    journal   = "Topology and its Applications",
    year      = "1990",
    volume    = "36",
    number    = "1",
    pages     = "1--17",
    publisher = "Elsevier"
}
@ARTICLE {deVieilleville2009,
    author    = "De Vieilleville, Fran{\c{c}}ois and Lachaud, Jacques-Olivier",
    title     = "Comparison and improvement of tangent estimators on digital curves",
    journal   = "Pattern Recognition",
    year      = "2009",
    volume    = "42",
    number    = "8",
    pages     = "1693--1707",
    publisher = "Elsevier"
}
@PHDTHESIS {Coeurjolly2002,
    author = "Coeurjolly, David",
    title  = "Algorithmique et g{\'e}om{\'e}trie discrete pour la caract{\'e}risation des courbes et des surfaces",
    school = "Universit{\'e} Lumi{\`e}re Lyon 2",
    year   = "2002",
    month  = "12"
}
@ARTICLE {Klette2000,
    author    = "Klette, Reinhard and {\v{Z}}uni{\'c}, Jovi{\v{s}}a",
    title     = "Multigrid convergence of calculated features in image analysis",
    journal   = "Journal of Mathematical Imaging and Vision",
    year      = "2000",
    volume    = "13",
    number    = "3",
    pages     = "173--191",
    publisher = "Springer"
}
@BOOK {Taylor1717,
    author    = "Taylor, Brook",
    title     = "Methodus incrementorum directa \& inversa",
    publisher = "Inny",
    year      = "1717"
}
@BOOK {Klette2004,
    author    = "Klette, Reinhard and Rosenfeld, Azriel",
    title     = "Digital geometry: Geometric methods for digital picture analysis",
    publisher = "Elsevier",
    year      = "2004"
}
@BOOK {Serra1982,
    author    = "Serra, Jean",
    title     = "Image Analysis and Mathematical Morphology",
    publisher = "Academic Press, Inc.",
    year      = "1982"
}
@PHDTHESIS {Lachaud2006HDR,
    author = "Lachaud, Jacques-Olivier",
    title  = "Espaces non-euclidiens et analyse d'image: mod{\`e}les d{\'e}formables riemanniens et discrets, topologie et g{\'e}om{\'e}trie discr{\`e}te",
    school = "Universit{\'e} Sciences et Technologies-Bordeaux I",
    year   = "2006"
}
@ARTICLE {Lachaud2007,
    author    = "Lachaud, Jacques-Olivier and Vialard, Anne and de Vieilleville, Fran{\c{c}}ois",
    title     = "Fast, accurate and convergent tangent estimation on digital contours",
    journal   = "Image and Vision Computing",
    year      = "2007",
    volume    = "25",
    number    = "10",
    pages     = "1572--1587",
    publisher = "Elsevier"
}
@ARTICLE {deVieilleville2007,
    author    = "De Vieilleville, Fran{\c{c}}ois and Lachaud, Jacques-Olivier and Feschet, Fabien",
    title     = "Convex digital polygons, maximal digital straight segments and convergence of discrete geometric estimators",
    journal   = "Journal of Mathematical Imaging and Vision",
    year      = "2007",
    volume    = "27",
    number    = "2",
    pages     = "139--156",
    publisher = "Springer"
}
@PHDTHESIS {Roussillon2009,
    author = "Roussillon, Tristan",
    title  = "Algorithmes d'extraction de mod{\`e}les g{\'e}om{\'e}triques discrets pour la repr{\'e}sentation robuste des formes",
    school = "Lyon 2",
    year   = "2009"
}
@INPROCEEDINGS {Lenoir1997,
    author       = "Lenoir, Alexandre",
    title        = "Fast estimation of mean curvature on the surface of a 3D discrete object",
    booktitle    = "Discrete Geometry for Computer Imagery",
    year         = "1997",
    pages        = "175--186",
    organization = "Springer"
}
@INPROCEEDINGS {Fourey2008,
    author       = "Fourey, S{\'e}bastien and Malgouyres, R{\'e}my",
    title        = "Normals and curvature estimation for digital surfaces based on convolutions",
    booktitle    = "Discrete Geometry for Computer Imagery",
    year         = "2008",
    pages        = "287--298",
    organization = "Springer"
}
@ARTICLE {ProvotIPOL2014,
    author  = "Provot, Laurent and G{\'e}rard, Yan and Feschet, Fabien",
    title   = "{Digital Level Layers for Digital Curve Decomposition and Vectorization}",
    journal = "Image Processing On Line",
    year    = "2014",
    volume  = "4",
    pages   = "169--186",
    doi     = "10.5201/ipol.2014.67"
}
@PHDTHESIS {Reveilles1991,
    author = "Reveill{\`e}s, Jean-Pierre",
    title  = "G{\'e}om{\'e}trie discr{\`e}te, calcul en nombres entiers et algorithmique",
    year   = "1991"
}
@MISC {Stoker1969,
    author    = "Stoker, James J.",
    title     = "Differential Geometry",
    year      = "1969",
    publisher = "Wiley-Interscience, New York"
}
@ARTICLE {Coeurjolly2007Book,
    author    = "Coeurjolly, David and Montanvert, Annick and Chassery, Jean-Marc",
    title     = "G{\'e}om{\'e}trie discr{\`e}te et images num{\'e}riques",
    year      = "2007",
    publisher = "Hermes"
}
@INBOOK {Coeurjolly_ChapEstimateur,
    author    = "Coeurjolly, David and Lachaud, Jacques-Olivier and Roussillon, Tristan",
    title     = "Digital Geometry Algorithms, Theoretical Foundations and Applications of Computational Imaging",
    chapter   = "Multigrid convergence of discrete geometric estimators",
    publisher = "Springer",
    year      = "2012",
    volume    = "2",
    series    = "Lecture Notes in Computational Vision and Biomechanics",
    pages     = "395--424"
}
@ARTICLE {Hu1962,
    author    = "Hu, Ming-Kuei",
    title     = "Visual pattern recognition by moment invariants",
    journal   = "IRE Transactions on Information Theory",
    year      = "1962",
    volume    = "8",
    number    = "2",
    pages     = "179--187",
    publisher = "IEEE"
}
@ARTICLE {Trier1996,
    author    = "Trier, {\O}ivind Due and Jain, Anil K and Taxt, Torfinn",
    title     = "Feature extraction methods for character recognition -- A survey",
    journal   = "Pattern Recognition",
    year      = "1996",
    volume    = "29",
    number    = "4",
    pages     = "641--662",
    publisher = "Elsevier"
}
@ARTICLE {Hickman2012,
    author    = "Hickman, Mark S.",
    title     = "Geometric Moments and Their Invariants",
    journal   = "Journal of Mathematical Imaging and Vision",
    year      = "2012",
    volume    = "44",
    number    = "3",
    pages     = "223--235",
    issn      = "0924-9907",
    doi       = "10.1007/s10851-011-0323-x",
    url       = "http://dx.doi.org/10.1007/s10851-011-0323-x",
    publisher = "Springer US",
    keywords  = "Orthogonal and affine transformations; Moments; Invariants; Covariants; Image recognition"
}
@INPROCEEDINGS {Ghorbel2005,
    author    = "Ghorbel, Faouzi and Derrode, St{\'e}phane and Dhahbi, Sami and Mezhoud, Rim",
    title     = "Reconstructing with geometric moments",
    booktitle = "Proceedings of International Conference on Machine Intelligence",
    year      = "2005"
}
@BOOK {Kratzel1988,
    author    = "Kr{\"a}tzel, Ekkehard",
    title     = "Lattice points",
    publisher = "Springer",
    year      = "1988",
    volume    = "33"
}
@ARTICLE {Guo2010,
    author        = "Guo, Jingwei",
    title         = "On lattice points in large convex bodies",
    journal       = "ArXiv e-prints",
    year          = "2010",
    archiveprefix = "arXiv",
    eprint        = "1007.4284",
    primaryclass  = "math.NT",
    keywords      = "Mathematics; Number Theory, Mathematics; Classical Analysis and ODEs"
}
@ARTICLE {Kratzel1991,
    author    = "Kr{\"a}tzel, Ekkehard and Nowak, Werner G.",
    title     = "Lattice points in large convex bodies",
    journal   = "Monatshefte f{\"u}r Mathematik",
    year      = "1991",
    volume    = "112",
    pages     = "61--72",
    issn      = "0026-9255",
    doi       = "10.1007/BF01321717",
    publisher = "Springer-Verlag"
}
@ARTICLE {Muller1999,
    author    = "M{\"u}ller, Wolfgang",
    title     = "Lattice points in large convex bodies",
    journal   = "Monatshefte f{\"u}r Mathematik",
    year      = "1999",
    volume    = "128",
    pages     = "315--330",
    publisher = "Springer-Verlag"
}
@ARTICLE {Dudani1977,
    author    = "Dudani, Sahibsingh A. and Breeding, Kenneth J. and McGhee, Robert B.",
    title     = "Aircraft identification by moment invariants",
    journal   = "IEEE Transactions on Computers",
    year      = "1977",
    volume    = "100",
    number    = "1",
    pages     = "39--46",
    publisher = "IEEE"
}
@ARTICLE {Lachaud2000129,
    author  = "Lachaud, Jacques-Olivier and Montanvert, Annick",
    title   = "Continuous Analogs of Digital Boundaries: A Topological Approach to Iso-Surfaces ",
    journal = "Graphical Models ",
    year    = "2000",
    volume  = "62",
    number  = "3",
    pages   = "129--164",
    issn    = "1524-0703",
    doi     = "http://dx.doi.org/10.1006/gmod.2000.0522",
    url     = "http://www.sciencedirect.com/science/article/pii/S1524070300905228"
}
@INPROCEEDINGS {Lachaud1998ICIP,
    author    = "Lachaud, Jacques-Olivier and Montanvert, Annick",
    title     = "Digital surfaces as a basis for building isosurfaces",
    booktitle = "ICIP 98. 1998 International Conference on Image Processing",
    year      = "1998",
    volume    = "2",
    pages     = "977--981",
    keywords  = "feature extraction;graph theory;image representation;2D combinatorial manifolds;classical adjacency relation;closed surface;digital surfaces;digital topology;feature extraction;geometric representations;induced surface graphs;isosurfaces;marching-cubes algorithm;orientable surface;thresholded image;volumetric imaging;Analytical models;Biomedical computing;Biomedical imaging;Image converters;Isosurfaces;Rough surfaces;Shape;Surface roughness;Surgery;Visualization",
    doi       = "10.1109/ICIP.1998.723717"
}
@ARTICLE {Euler1760,
    author  = "Euler, Leonhard",
    title   = "Recherches sur la courbure des surfaces",
    journal = "M{\'e}moires de lâ€™Acad{\'e}mie des Sciences de Berlin",
    year    = "1760",
    volume  = "16",
    number  = "119--143",
    pages   = "9"
}
@INPROCEEDINGS {Surazhsky2003,
    author       = "Surazhsky, Tafiana and Magid, Evgeny and Soldea, Octavian and Elbe, Gershon and Rivlin, Ehud",
    title        = "A comparison of Gaussian and mean curvatures estimation methods on triangular meshes",
    booktitle    = "ICRA'03. 2003 IEEE International Conference on Robotics and Automation",
    year         = "2003",
    volume       = "1",
    pages        = "1021--1026",
    organization = "IEEE"
}
@ARTICLE {Dyn2001,
    author  = "Dyn, Nira and Hormann, Kai and Kim, Sun-Jeong and Levin, David",
    title   = "Optimizing 3D triangulations using discrete curvature analysis",
    journal = "Mathematical Methods for Curves and Surfaces",
    year    = "2001",
    volume  = "28",
    number  = "5",
    pages   = "135--146"
}
@INCOLLECTION {Buet2015,
    author    = "Buet, Blanche and Leonardi, Gian Paolo and Masnou, Simon",
    title     = "Discrete Varifolds: A Unified Framework for Discrete Approximations of Surfaces and Mean Curvature",
    booktitle = "Scale Space and Variational Methods in Computer Vision",
    publisher = "Springer",
    year      = "2015",
    pages     = "513--524"
}
@PHDTHESIS {Buet2014,
    author = "Buet, Blanche",
    title  = "Approximation de surfaces par des varifolds discrets: repr{\'e}sentation, courbure, rectifiabilit{\'e}",
    school = "Universit{\'e} Claude Bernard-Lyon I",
    year   = "2014"
}
@ARTICLE {Kim2002,
    author    = "Kim, Sun-Jeong and Kim, Chang-Hun and Levin, David",
    title     = "Surface simplification using a discrete curvature norm",
    journal   = "Computers \& Graphics",
    year      = "2002",
    volume    = "26",
    number    = "5",
    pages     = "657--663",
    publisher = "Elsevier"
}
@ARTICLE {Xu1990,
    author    = "Xu, Lei and Oja, Erkki and Kultanen, Pekka",
    title     = "A new curve detection method: randomized Hough transform (RHT)",
    journal   = "Pattern Recognition Letters",
    year      = "1990",
    volume    = "11",
    number    = "5",
    pages     = "331--338",
    publisher = "Elsevier"
}
@ARTICLE {Almgren1965,
    author  = "Almgren, Frederick J.",
    title   = "The theory of varifolds",
    journal = "Mimeographed notes, Princeton",
    year    = "1965"
}
@ARTICLE {Xu1993,
    author    = "Xu, Lei and Oja, Erkki",
    title     = "Randomized Hough transform (RHT): basic mechanisms, algorithms, and computational complexities",
    journal   = "CVGIP: Image Understanding",
    year      = "1993",
    volume    = "57",
    number    = "2",
    pages     = "131--154",
    publisher = "Elsevier"
}
@MISC {Hough1962,
    author    = "Hough, Paul V.C.",
    title     = "Method and means for recognizing complex patterns",
    month     = "12",
    year      = "1962",
    note      = "US Patent 3,069,654",
    publisher = "Google Patents"
}
@ARTICLE {Duda1972,
    author    = "Duda, Richard O. and Hart, Peter E.",
    title     = "Use of the Hough transformation to detect lines and curves in pictures",
    journal   = "Communications of the ACM",
    year      = "1972",
    volume    = "15",
    number    = "1",
    pages     = "11--15",
    publisher = "ACM"
}
@ARTICLE {Borrmann2011,
    author    = "Borrmann, Dorit and Elseberg, Jan and Lingemann, Kai and N{\"u}chter, Andreas",
    title     = "The 3D Hough Transform for plane detection in point clouds: A review and a new accumulator design",
    journal   = "3D Research",
    year      = "2011",
    volume    = "2",
    number    = "2",
    pages     = "1--13",
    publisher = "Springer"
}
@ARTICLE {Meek2000,
    author    = "Meek, Dereck S. and Walton, Desmond J.",
    title     = "On surface normal and Gaussian curvature approximations given data sampled from a smooth surface",
    journal   = "Computer Aided Geometric Design",
    year      = "2000",
    volume    = "17",
    number    = "6",
    pages     = "521--543",
    publisher = "Elsevier"
}
@ARTICLE {Stokely1992,
    author    = "Stokely, Ernest M. and Wu, Shang You",
    title     = "Surface parametrization and curvature measurement of arbitrary 3-D objects: Five practical methods",
    journal   = "IEEE Transactions on Pattern Analysis \& Machine Intelligence",
    year      = "1992",
    number    = "8",
    pages     = "833--840",
    publisher = "IEEE"
}
@INCOLLECTION {Asano2001,
    author    = "Asano, Tetsuo and Kawamura, Yasuyuki and Klette, Reinhard and Obokata, Koji",
    title     = "Minimum-length polygons in approximation sausages",
    booktitle = "Visual Form 2001",
    publisher = "Springer",
    year      = "2001",
    pages     = "103--112"
}
@BOOK {Huxley1996,
    author    = "Huxley, Martin N.",
    title     = "Area, lattice points and exponential sums",
    publisher = "Oxford Science publications",
    year      = "1996"
}
@ARTICLE {Huxley1990,
    author  = "Huxley, Martin N.",
    title   = "Exponential sums and lattice points",
    journal = "Proc. London Math. Soc.",
    year    = "1990",
    volume  = "60",
    pages   = "471--502"
}
@ARTICLE {Coeurjolly2004,
    author  = "Coeurjolly, David and Klette, Reinhard",
    title   = "A Comparative Evaluation of Length Estimators of Digital Curves",
    journal = "IEEE Trans. on Pattern Analysis and Machine Intelligence",
    year    = "2004",
    volume  = "26",
    number  = "2",
    pages   = "252--258",
    issn    = "0162-8828"
}
@INCOLLECTION {Coeurjolly2001,
    author      = "Coeurjolly, David and Miguet, Serge and Tougne, Laure",
    title       = "Discrete Curvature Based on Osculating Circle Estimation",
    booktitle   = "4th International Workshop on Visual Form",
    year        = "2001",
    volume      = "2059",
    series      = "Lecture Notes in Computer Science",
    pages       = "303-312",
    affiliation = "Universit{\'e} Lyon 2 Laboratoire E.R.I.C. 5 av. Pierre Mend{\`e}s-France 69676 Bron cedex, France"
}
@INCOLLECTION {Coeurjolly2003,
    author    = "Coeurjolly, David and Svensson, Stina",
    title     = "Estimation of curvature along curves with application to fibres in 3D images of paper",
    booktitle = "Image Analysis",
    publisher = "Springer",
    year      = "2003",
    pages     = "247--254"
}
@INPROCEEDINGS {Roussillon2011,
    author    = "Roussillon, Tristan and Lachaud, Jacques-Olivier",
    title     = "Accurate Curvature Estimation along Digital Contours with Maximal Digital Circular Arcs",
    booktitle = "Combinatorial Image Analysis",
    year      = "2011",
    volume    = "6636",
    pages     = "43--55",
    publisher = "Springer"
}
@INPROCEEDINGS {Malgouyres2008,
    author    = "Malgouyres, R{\'e}my and Brunet, Florent and Fourey, S{\'e}bastien",
    title     = "Binomial Convolutions and Derivatives Estimation from Noisy Discretizations",
    booktitle = "Discrete Geometry for Computer Imagery",
    year      = "2008",
    volume    = "4992",
    series    = "Lecture Notes in Computer Science",
    pages     = "370-379",
    publisher = "Springer",
    isbn      = "978-3-540-79125-6",
    bibsource = "DBLP, http://dblp.uni-trier.de"
}
@ARTICLE {Esbelin2011,
    author  = "Esbelin, Henri-Alex and Malgouyres, R{\'e}my and Cartade, Colin",
    title   = "Convergence of binomial-based derivative estimation for 2 noisy discretized curves",
    journal = "Theoretical Computer Science",
    year    = "2011",
    volume  = "412",
    number  = "36",
    pages   = "4805--4813",
    issn    = "0304-3975"
}
@BOOK {Berger1992,
    author    = "Berger, Marcel and Gostiaux, Bernard",
    title     = "G{\'e}om{\'e}trie diff{\'e}rentielle: vari{\'e}t{\'e}s, courbes et surfaces",
    publisher = "Presses Universitaires de France-PUF",
    year      = "1992"
}
@INPROCEEDINGS {Provot2011,
    author    = "Provot, Laurent and G{\'e}rard, Yan",
    title     = "Estimation of the Derivatives of a Digital Function with a Convergent Bounded Error",
    booktitle = "Discrete Geometry for Computer Imagery",
    year      = "2011",
    series    = "Lecture Notes in Computer Science",
    pages     = "284--295",
    publisher = "Springer"
}
@ARTICLE {Bullard1995,
    author  = "Bullard, Jeffrey W. and Garboczi, Edward J. and W. Craig Carter and Fullet, Edwin R.",
    title   = "Numerical methods for computing interfacial mean curvature",
    journal = "Computational materials science",
    year    = "1995",
    volume  = "4",
    pages   = "103--116"
}
@INPROCEEDINGS {deVieilleville2006,
    author    = "Lachaud, Jacques-Olivier and de Vieilleville, FranÃ§ois",
    title     = "Convex shapes and convergence speed of discrete tangent estimators",
    booktitle = "Proc. Int. Symposium on Visual Computing",
    year      = "2006",
    volume    = "4292",
    series    = "Lecture Notes in Computer Science",
    pages     = "688--697",
    publisher = "Springer",
    keywords  = "discrete geometry, discrete geometric estimators, tangent estimators, maximal segments, multigrid convergence, discrete convexity"
}
@ARTICLE {Gatzke2006,
    author  = "Gatzke, Timothy D. and Grimm, Cindy M.",
    title   = "Estimating curvature on triangular meshes",
    journal = "International Journal of Shape Modeling",
    year    = "2006",
    volume  = "12",
    number  = "01",
    pages   = "1--28",
    url     = "http://www.worldscientific.com/doi/abs/10.1142/S0218654306000810"
}
@ARTICLE {Desbrun2005,
    author  = "Desbrun, Mathieu and Hirani, Anil N. and Leok, Melvin and Marsden, Jerrold E.",
    title   = "Discrete exterior calculus",
    journal = "arXiv preprint math/0508341",
    year    = "2005"
}
@BOOK {Bobenko2008,
    author    = "Bobenko, Alenxander I. and Suris, Yuri B.",
    title     = "Discrete differential geometry: Integrable structure",
    publisher = "AMS Bookstore",
    year      = "2008",
    volume    = "98"
}
@ARTICLE {Page2002,
    author  = "Page, David L. and Sun, Yiyong and Koschan, Andreas F. and Paik, Joonki and Abidi, Mongi A.",
    title   = "Normal Vector Voting: Crease Detection and Curvature Estimation on Large, Noisy Meshes",
    journal = "Graphical Models",
    year    = "2002",
    volume  = "64",
    number  = "3â€“4",
    pages   = "199--229",
    url     = "http://www.sciencedirect.com/science/article/pii/S1524070302905746"
}
@INPROCEEDINGS {Rusinkiewicz2004,
    author    = "Rusinkiewicz, Szymon",
    title     = "Estimating curvatures and their derivatives on triangle meshes",
    booktitle = "3DPVT 2004. 2nd International Symposium on 3D Data Processing, Visualization and Transmission",
    year      = "2004",
    pages     = "486--493",
    keywords  = "computational geometry;curve fitting;data visualisation;finite difference methods;image sampling;mesh generation;rendering (computer graphics);surface fitting;curvature estimation;finite-differences approach;higher-order surface differentials;irregular triangle meshes;Computational geometry;Finite difference methods;Focusing;Image analysis;Robust stability;Robustness;Shape;Signal analysis;Signal processing algorithms;Solid modeling"
}
@ARTICLE {Xu2006,
    author  = "Xu, Guoliang",
    title   = "Convergence analysis of a discretization scheme for Gaussian curvature over triangular surfaces",
    journal = "Computer Aided Geometric Design",
    year    = "2006",
    volume  = "23",
    number  = "2",
    pages   = "193--207",
    url     = "http://www.sciencedirect.com/science/article/pii/S0167839605000865"
}
@INPROCEEDINGS {CohenSteiner2003,
    author    = "Cohen-Steiner, David and Morvan, Jean-Marie",
    title     = "Restricted Delaunay triangulations and normal cycle",
    booktitle = "Proceedings of the nineteenth annual Symposium on Computational Geometry",
    year      = "2003",
    series    = "SCG'03",
    pages     = "312--321",
    publisher = "ACM",
    location  = "San Diego, California, USA",
    url       = "http://doi.acm.org/10.1145/777792.777839",
    keywords  = "curvature, geometric measure theory, mesh"
}
@ARTICLE {CohenSteiner2006,
    author  = "Cohen-Steiner, David and Morvan, Jean-Marie",
    title   = "Second fundamental measure of geometric sets and local approximation of curvatures",
    journal = "Journal of Differential Geometry",
    year    = "2006",
    volume  = "74",
    number  = "3",
    pages   = "363--394"
}
@ARTICLE {Wintgen1982,
    author  = "Wintgen, Peter",
    title   = "Normal cycle and integral curvature for polyhedra in Riemannian manifolds",
    journal = "Differential Geometry. North-Holland Publishing Co., Amsterdam-New York",
    year    = "1982"
}
@ARTICLE {Zahle1986,
    author    = "Z{\"a}hle, Martina",
    title     = "Integral and current representation of Federer's curvature measures",
    journal   = "Archiv der Mathematik",
    year      = "1986",
    volume    = "46",
    number    = "6",
    pages     = "557--567",
    publisher = "Springer"
}
@ARTICLE {Kerautret2012,
    author    = "Kerautret, Bertrand and Lachaud, Jacques-Olivier",
    title     = "Meaningful scales detection along digital contours for unsupervised local noise estimation",
    journal   = "IEEE Transactions on Pattern Analysis and Machine Intelligence",
    year      = "2012",
    volume    = "34",
    number    = "12",
    pages     = "2379--2392",
    publisher = "IEEE"
}
@ARTICLE {Cazals2005,
    author    = "Cazals, Frederic and Pouget, Marc",
    title     = "Estimating differential quantities using polynomial fitting of osculating jets",
    journal   = "Computer Aided Geometric Design",
    year      = "2005",
    volume    = "22",
    number    = "2",
    pages     = "121--146",
    publisher = "Elsevier"
}
@INPROCEEDINGS {Merigot2009,
    author    = "M{\'e}rigot, Quentin and Ovsjanikov, Maks and Guibas, Leonidas",
    title     = "Robust Voronoi-based curvature and feature estimation",
    booktitle = "2009 SIAM/ACM Joint Conference on Geometric and Physical Modeling",
    year      = "2009",
    series    = "SPM'09",
    pages     = "1--12",
    publisher = "ACM",
    location  = "San Francisco, California",
    url       = "http://doi.acm.org/10.1145/1629255.1629257"
}
@ARTICLE {Merigot2011,
    author  = "M{\'e}rigot, Quentin and Ovsjanikov, Maks and Guibas, Leonidas",
    title   = "Voronoi-Based Curvature and Feature Estimation from Point Clouds",
    journal = "IEEE Transactions on Visualization and Computer Graphics",
    year    = "2011",
    volume  = "17",
    number  = "6",
    pages   = "743--756",
    doi     = "10.1109/TVCG.2010.261",
    issn    = "1077-2626"
}
@ARTICLE {Li2010,
    author  = "Li, Bao and Schnabel, Ruwen and Klein, Reinhard and Cheng, Zhiquan and Dang, Gang and Jin, Shiyao",
    title   = "Robust normal estimation for point clouds with sharp features",
    journal = "Computers \& Graphics",
    year    = "2010",
    volume  = "34",
    number  = "2",
    pages   = "94--106",
    url     = "http://www.sciencedirect.com/science/article/pii/S009784931000021X"
}
@ARTICLE {Boulch2012,
    author       = "Boulch, Alexandre and Marlet, Renaud",
    title        = "Fast and robust normal estimation for point clouds with sharp features",
    journal      = "Computer Graphics Forum",
    year         = "2012",
    volume       = "31",
    number       = "5",
    pages        = "1765--1774"
}
@ARTICLE {Zhang2013,
    author  = "Zhang, Jie and Cao, Junjie and Liu, Xiuping and Wang, Jun and Liu, Jian and Shi, Xiquan",
    title   = "Point cloud normal estimation via low-rank subspace clustering",
    journal = "Computers \& Graphics",
    year    = "2013",
    volume  = "37",
    number  = "6",
    pages   = "697--706",
    url     = "http://www.sciencedirect.com/science/article/pii/S0097849313000824"
}
@ARTICLE {Petitjean2002,
    author    = "Petitjean, Sylvain",
    title     = "A survey of methods for recovering quadrics in triangle meshes",
    journal   = "ACM Computing Surveys",
    year      = "2002",
    volume    = "34",
    number    = "2",
    pages     = "211--262",
    publisher = "ACM"
}
@ARTICLE {Wang2009,
    author    = "Wang, Duo and Clark, Bryan and Jiao, Xiangmin",
    title     = "An analysis and comparison of parameterization-based computation of differential quantities for discrete surfaces",
    journal   = "Computer Aided Geometric Design",
    year      = "2009",
    volume    = "26",
    number    = "5",
    pages     = "510--527",
    publisher = "Elsevier"
}
@ARTICLE {Bauer1960,
    author    = "Bauer, Friedrich L. and Fike, C. T.",
    title     = "Norms and exclusion theorems",
    journal   = "Numerische Mathematik",
    year      = "1960",
    volume    = "2",
    number    = "1",
    pages     = "137--141",
    issn      = "0029-599X",
    doi       = "10.1007/BF01386217",
    url       = "http://dx.doi.org/10.1007/BF01386217",
    publisher = "Springer-Verlag"
}
@ARTICLE {Stewart1990,
    author    = "Stewart, Gilbert W. and Sun, Ji-guang",
    title     = "Matrix perturbation theory",
    year      = "1990",
    publisher = "Academic press"
}
@BOOK {Bhatia1997,
    author    = "Bhatia, Rajendra",
    title     = "Matrix analysis",
    publisher = "Springer",
    year      = "1997",
    volume    = "169"
}
@ARTICLE {Telea2004,
    author  = "Clarenz, Ulrich and Rumpf, Martin and Telea, Alexandru",
    title   = "Robust feature detection and local classification for surfaces based on moment analysis",
    journal = "IEEE transactions on visualization and computer graphics",
    year    = "2004",
    volume  = "10",
    number  = "5",
    pages   = "516--24"
}
@ARTICLE {Mellado2012,
    author  = "Mellado, Nicolas and Guennebaud, GaÃ«l and Barla, Pascal and Reuter, Patrick and Schlick, Christophe",
    title   = "Growing Least Squares for the Analysis of Manifolds in Scale-Space",
    journal = "Computer Graphics Forum",
    year    = "2012",
    volume  = "31",
    number  = "5",
    pages   = "1691--1701"
}
@PHDTHESIS {Mellado2013,
    author = "Mellado, Nicolas",
    title  = "Analysis of 3D objects at multiple scales: application to shape matching",
    school = "Universit{\'e} Sciences et Technologies-Bordeaux I",
    year   = "2013"
}
@ARTICLE {Park2012,
    author  = "Park, Min Ki and Lee, Seung Joo and Lee, Kwan H.",
    title   = "{Multi-scale tensor voting for feature extraction from unstructured point clouds}",
    journal = "Graphical Models",
    year    = "2012",
    volume  = "74",
    number  = "4",
    pages   = "197--208"
}
@ARTICLE {Lannister1996,
    author    = "Thirion, Jean-Philippe",
    title     = "New feature points based on geometric invariants for 3D image registration",
    journal   = "International Journal of Computer Vision",
    year      = "1996",
    volume    = "18",
    number    = "2",
    pages     = "121--137",
    publisher = "Springer"
}
@INPROCEEDINGS {Brown2005,
    author       = "Brown, Matthew and Lowe, David G.",
    title        = "Unsupervised 3D object recognition and reconstruction in unordered datasets",
    booktitle    = "3DIM 2005. Fifth International Conference on 3D Digital Imaging and Modeling",
    year         = "2005",
    pages        = "56--63",
    organization = "IEEE"
}
@INPROCEEDINGS {Pauly2002,
    author       = "Pauly, Mark and Gross, Markus and Kobbelt, Leif P.",
    title        = "Efficient simplification of point-sampled surfaces",
    booktitle    = "Proceedings of the conference on Visualization'02",
    year         = "2002",
    pages        = "163--170",
    organization = "IEEE Computer Society"
}
@ARTICLE {Pauly2003,
    author  = "Pauly, Mark and Keiser, Richard and Gross, Markus",
    title   = "Multi-scale Feature Extraction on Point-Sampled Surfaces",
    journal = "Computer Graphics Forum",
    year    = "2003",
    volume  = "22",
    number  = "3",
    pages   = "281--289"
}
@BOOK {Medioni2000-2,
    author    = "Medioni, G{\'e}rard and Lee, Mi-Suen and Tang, Chi-Keung",
    title     = "A computational framework for segmentation and grouping",
    publisher = "Elsevier Science Inc.",
    year      = "2000",
    isbn      = "0444503536"
}
@ARTICLE {Medioni2000,
    author  = "Medioni, G{\'e}rard and Tang, Chi-Keung and Lee, Mi-Suen",
    title   = "Tensor voting: Theory and applications",
    journal = "Proceedings of RFIA 2000",
    year    = "2000",
    volume  = "3"
}
@ARTICLE {Ho2009,
    author    = "Ho, Huy Tho and Gibbins, Danny",
    title     = "Curvature-based approach for multi-scale feature extraction from 3D meshes and unstructured point clouds",
    journal   = "IET computer vision",
    year      = "2009",
    volume    = "3",
    number    = "4",
    pages     = "201--212",
    publisher = "IET"
}
@PHDTHESIS {Kanungo1996,
    author = "Kanungo, Tapas",
    title  = "Document Degradation Models and a Methodology for Degradation Model Validation",
    school = "University of Washington, Seattle",
    year   = "1996"
}
@PHDTHESIS {Cuel2014These,
    author        = "Cuel, Louis",
    title         = "{Inf\'{e}rence G\'{e}om\'{e}trique Discr\`{e}te}",
    year          = "2014",
    archiveprefix = "arXiv",
    arxivid       = "arXiv:1201.4874v1",
    eprint        = "arXiv:1201.4874v1"
}
@INPROCEEDINGS {Cuel2014DGCI,
    author       = "Cuel, Louis and Lachaud, Jacques-Olivier and Thibert, Boris",
    title        = "Voronoi-based geometry estimator for 3D digital surfaces",
    booktitle    = "Discrete Geometry for Computer Imagery",
    year         = "2014",
    pages        = "134--149",
    organization = "Springer"
}
@INPROCEEDINGS {Witkin1983,
    author    = "Witkin, Andrew P.",
    title     = "Scale-space Filtering",
    booktitle = "Proceedings of the Eighth International Joint Conference on Artificial Intelligence",
    year      = "1983",
    series    = "IJCAI'83",
    pages     = "1019--1022",
    publisher = "Morgan Kaufmann Publishers Inc.",
    location  = "Karlsruhe, West Germany",
    url       = "http://dl.acm.org.gate6.inist.fr/citation.cfm?id=1623516.1623607",
    acmid     = "1623607"
}
@ARTICLE {SUSAN2D,
    author    = "Smith, Stephen M. and Brady, J. Michael",
    title     = "SUSANâ€”a new approach to low level image processing",
    journal   = "International journal of computer vision",
    year      = "1997",
    volume    = "23",
    number    = "1",
    pages     = "45--78",
    publisher = "Springer"
}
@INPROCEEDINGS {SUSAN3D,
    author       = "Walter, Nicolas and Aubreton, Olivier and Fougerolle, Yohan D. and Laligant, Olivier",
    title        = "Susan 3D operator, principal saliency degrees and directions extraction and a brief study on the robustness to noise",
    booktitle    = "ICIP 2009. 16th IEEE International Conference on Image Processing",
    year         = "2009",
    pages        = "3529--3532",
    organization = "IEEE"
}
@ARTICLE {Lai2007,
    author  = "Lai, Yu-Kun and Zhou, Qian-Yi and Hu, Shi-Min and Wallner, Johannes and Pottmann, Helmut",
    title   = "Robust feature classification and editing",
    journal = "IEEE Trans. Visualization and Computer Graphics",
    year    = "2007",
    volume  = "13",
    pages   = "34--45"
}
@ARTICLE {GebalBAL09,
    author  = "Gebal, Katarzyna and B{\ae}rentzen, Jakob Andreas and Aan{\ae}s, Henrik and Larsen, Rasmus",
    title   = "Shape Analysis Using the Auto Diffusion Function",
    journal = "Computer Graphics Forum",
    year    = "2009",
    volume  = "28",
    number  = "5",
    pages   = "1405--1413",
    biburl  = "http://www.bibsonomy.org/bibtex/270dcf7e7a24772e63f5b9c40aa73a03a/dblp"
}
@ARTICLE {Sun2009,
    author  = "Sun, Jian and Ovsjanikov, Maks and Guibas, Leonidas",
    title   = "{A Concise and Provably Informative Multi-Scale Signature Based on Heat Diffusion}",
    journal = "Computer Graphics Forum",
    year    = "2009",
    volume  = "28",
    number  = "5",
    pages   = "1383--1392"
}
@ARTICLE {Song2014,
    author     = "Song, Ran and Liu, Yonghuai and Martin, Ralph R. and Rosin, Paul L.",
    title      = "Mesh Saliency via Spectral Processing",
    journal    = "ACM Transactions on Graphics",
    year       = "2014",
    volume     = "33",
    number     = "1",
    pages      = "1--17",
    publisher  = "ACM",
    articleno  = "6"
}
@INPROCEEDINGS {Hou2007,
    author       = "Hou, Xiaodi and Zhang, Liqing",
    title        = "Saliency detection: A spectral residual approach",
    booktitle    = "CVPR'07. 2007 IEEE Conference on Computer Vision and Pattern Recognition",
    year         = "2007",
    pages        = "1--8",
    organization = "IEEE"
}
@INPROCEEDINGS {Vergne2011,
    author       = "Vergne, Romain and Vanderhaeghe, David and Chen, Jiazhou and Barla, Pascal and Granier, Xavier and Schlick, Christophe",
    title        = "Implicit Brushes for Stylized Line-based Rendering",
    booktitle    = "Computer Graphics Forum",
    year         = "2011",
    volume       = "30",
    pages        = "513--522"
}
@INPROCEEDINGS {Alliez2007,
    author    = "Alliez, Pierre and Cohen-Steiner, David and Tong, Yiying and Desbrun, Mathieu",
    title     = "Voronoi-based variational reconstruction of unoriented point sets",
    booktitle = "Symposium on Geometry processing",
    year      = "2007",
    volume    = "7",
    pages     = "39--48"
}
@INCOLLECTION {Janoch2013,
    author    = "Janoch, Allison and Karayev, Sergey and Jia, Yangqing and Barron, Jonathan T. and Fritz, Mario and Saenko, Kate and Darrell, Trevor",
    title     = "A category-level 3D object dataset: Putting the kinect to work",
    booktitle = "Consumer Depth Cameras for Computer Vision",
    publisher = "Springer",
    year      = "2013",
    pages     = "141--165"
}
@INPROCEEDINGS {Peng2010,
    author       = "Peng, Jingliang and Huang, Yan and Kuo, C.-C. Jay and Eckstein, Ilya and Gopi, Meenakshisundaram",
    title        = "Feature oriented progressive lossless mesh coding",
    booktitle    = "Computer Graphics Forum",
    year         = "2010",
    volume       = "29",
    pages        = "2029--2038",
    number       = "7"
}
@MISC {KinectData,
    title = "Berkeley 3-D Object Dataset",
    note  = "\url{http://kinectdata.com}"
}
